% \cite{mengistu2016evolutionary} \cite{purdy2016encoding} \cite{herculano2009human}


@article{mengistu2016evolutionary,
  title={The evolutionary origins of hierarchy},
  author={Mengistu, Henok and Huizinga, Joost and Mouret, Jean-Baptiste and Clune, Jeff},
  journal={PLoS computational biology},
  volume={12},
  number={6},
  pages={e1004829},
  year={2016},
  publisher={Public Library of Science}
}

@article{purdy2016encoding,
  title={Encoding data for HTM systems},
  author={Purdy, Scott},
  journal={arXiv preprint arXiv:1602.05925},
  year={2016}
}

@article{herculano2009human,
  title={The human brain in numbers: a linearly scaled-up primate brain},
  author={Herculano-Houzel, Suzana},
  journal={Frontiers in human neuroscience},
  volume={3},
  pages={31},
  year={2009},
  publisher={Frontiers}
}

