@misc{benchcpp,
    title = {Rust comparison with C++},
    year = 2019,
    howpublished = {\url{https://benchmarksgame-team.pages.debian.net/benchmarksgame/fastest/rust-gpp.html}},
    Note = {accessed 2019-06-26}
}

@misc{better-goals-2,
    title = {Goals Research Summary},
    author = {Gail Matthews},
    howpublished = {\url{http://www.goalband.co.uk/uploads/1/0/6/5/10653372/gail_matthews_research_summary.pdf}},
    Note = {accessed 2020-12-19}
}

@misc{crisis-pic,
    title = {What should entrepreneurs do when they encounter a crisis?},
    howpublished = {\url{http://elitebusinessmagazine.co.uk/sales-marketing/item/what-should-startups-do-when-they-encounter-a-crisis}},
    Note = {accessed 2020-12-19}
}

@misc{trigger-list,
    title = {Incompletion Trigger List},
    howpublished = {\url{https://gettingthingsdone.com/wp-content/uploads/2014/10/Mind_Sweep_Trigger_List.pdf}},
    year = 2014,
    Note = {accessed 2020-12-19}
}

@misc{8760-hours,
    title = {8760 Stunden},
    author = {Alex Vermeer},
    howpublished = {\url{https://drive.google.com/file/d/0B2PaeRjVqAN7MngxTXFPQkpLVjg/view}},
    year = 2016,
    Note = {accessed 2020-12-19}
}

@misc{longtermplans-post,
    title = {Goal Setting Workshop (Post)},
    author = {Felix Karg},
    howpublished = {\url{https://fkarg.github.io/staged/longtermplans/}}
}

@misc{longtermplans-pdf,
    title = {Goal Setting Workshop (Pr√§sentation)},
    author = {Felix Karg},
    howpublished = {\url{https://github.com/fkarg/things-to-talk-about/blob/master/longtermplans/main_handout.pdf}}
}

@misc{forgetting-pic,
    title = {Forgetting},
    howpublished = {\url{https://thepeakperformancecenter.com/educational-learning/learning/memory/forgetting/}}
}


@misc{plan-reality-pic-2,
    title = {Big Data Science: Expectations vs. Reality},
    howpublished = {\url{https://www.pinterest.com/pin/569705421598705552/}}
}

@misc{lifepath-pic,
    title = {Lifepath},
    author = {Aly Juma},
    howpublished = {\url{https://alyjuma.com/wp-content/uploads/2016/10/lifepath.jpg}}
}

% [gtd-book]: https://en.wikipedia.org/wiki/Getting_Things_Done
% [gtd-review]: ../2020-07-16-getting-things-done/
% [pomodoro]: https://en.wikipedia.org/wiki/Pomodoro_Technique
% [lw-study-hall]: https://complice.co/room/lesswrong
% [4h-workweek]: ../2020-08-12-four-hour-workweek/
% [8760-hours]: https://alexvermeer.com/8760hours/
% [better-goals-1]: https://www.dominican.edu/sites/default/files/2020-02/gailmatthews-harvard-goals-researchsummary.pdf
% [better-goals-2]: http://www.goalband.co.uk/uploads/1/0/6/5/10653372/gail_matthews_research_summary.pdf
% [hold-accountable]: https://medium.com/the-mission/the-accountability-effect-a-simple-way-to-achieve-your-goals-and-boost-your-performance-8a07c76ef53a
% [7-habits]: ../2020-09-02-seven-habits/
% [presentation]: https://github.com/fkarg/things-to-talk-about/tree/master/longtermplans
% [gtd-triggers]: https://gettingthingsdone.com/wp-content/uploads/2014/10/Mind_Sweep_Trigger_List.pdf
% [weekly]: https://gettingthingsdone.com/wp-content/uploads/2014/10/Weekly_Review_Checklist.pdf
% [death-winning]: ../2020-10-12-goalboss/#death-by-winning
